- https://neptune.ai/blog/image-processing-in-python-algorithms-tools-and-methods-you-should-know
- https://github.com/asztrajman/image_difference
- https://pythonhosted.org/pypotrace/ref.html
@online{pypotrace,
    author={Luper Rouch},
    title={PyPotrace Documentation},
    url={https://pythonhosted.org/pypotrace/ref.html},
    addendum={(consulté 20/12/2021)},
    keywords={documentation},
}
- https://discourse.mcneel.com/t/how-to-trace-a-line-drawing-image-to-be-a-real-line-vector-drawing-instead-of-a-outline-image/99934
- https://stackoverflow.com/questions/56673283/how-to-measure-the-angle-between-2-lines-in-a-same-image-using-python-opencv
# TODO expliquer dans les slides les transformées de hough in a nutshell
- https://en.wikipedia.org/wiki/Hough_transform
# pourrait servir pour montrer que ce que j'ai fait sert pas à rien (?????)
- https://castcoverz.com/how-to-know-if-a-bone-is-broken-in-children/
# régler le problème de corrélation seuils / propriétés image
- https://dataanalysis.substack.com/p/correlation-analysis-101-in-python

- datasets:
  - mura: 
     - https://stanfordmlgroup.github.io/competitions/mura/
@misc{mura-paper,
    title={MURA: Large Dataset for Abnormality Detection in Musculoskeletal Radiographs}, 
    author={Pranav Rajpurkar and Jeremy Irvin and Aarti Bagul and Daisy Ding and Tony Duan and Hershel Mehta and Brandon Yang and Kaylie Zhu and Dillon Laird and Robyn L. Ball and Curtis Langlotz and Katie Shpanskaya and Matthew P. Lungren and Andrew Y. Ng},
    institution={Stanford ML Group},
    year={2018},
    eprint={1712.06957},
    archivePrefix={arXiv},
    primaryClass={physics.med-ph}
}
@online{mura-competition,
    author={Pranav Rajpurkar and Jeremy Irvin and Aarti Bagul and Daisy Ding and Tony Duan and Hershel Mehta and Brandon Yang and Kaylie Zhu and Dillon Laird and Robyn L. Ball and Curtis Langlotz and Katie Shpanskaya and Matthew P. Lungren and Andrew Y. Ng},
    institution={Stanford ML Group},
    title={MURA: Bone X-Ray Deep Learning Competition},
    year={2018},
    url={https://stanfordmlgroup.github.io/competitions/mura},
}


- radiologie portative: https://www.echographes.fr/produit/appareil-de-radiologie-portable-konted-ktx21/ # 6.59 k€... oof

- images:
  - https://coastalurgentcarethibodaux.com/wp-content/uploads/2018/06/signs-of-a-broken-bone.jpeg
  - https://i.stack.imgur.com/YkxJx.jpg
  - épaule_clair: https://www.startradiology.com/uploads/images/english-class-fracture-general-principles-fig3-stress-fracture-pathological-fracture-blanco.jpg
  - https://images.radiopaedia.org/images/1999433/04eef421e99e346d6c5b2abb361b9b.jpg

- classification: 
  - 
@online{garden,
    author={Dr Matt Adams},
    title={Garden classification of hip fractures},
    url={https://radiopaedia.org/articles/garden-classification-of-hip-fractures},
    addendum={(consulté le 20/12/2021)},
    keywords={classification},
}
  - SALTER: https://www.nucleotype.com/salter-harris-fractures/

@online{salter,
    author={Medzcool},
    title={Salter Harris Fracture Classification},
    url={https://www.nucleotype.com/salter-harris-fractures},
    addendum={(consulté le 20/12/2021)},
    keywords={classification},
}

- machine learning sur MURA: 
@online{mura-example,
    author={Piyush Agarwal},
    title={Bone fracture detection using DenseNet on MURA dataset [sic]},
    url={https://github.com/ag-piyush/Bone-Fracture-Detection---MURA},
    addendum={(consulté 20/12/2021)},
    keywords={repository},
}
- documentation:
    keras: 
    - https://keras.io/examples/vision/3D_image_classification/#loading-data-and-preprocessing
    - https://keras.io/examples/vision/image_classification_from_scratch/
